@Book{merino,
author = {Luis Merino and Evangelina Santos},
editor = {Thomson},
title = {Álgebra Lineal con métodos elementales},
OPTyear = {•},
OPTkey = {•},
OPTvolume = {•},
OPTnumber = {•},
OPTseries = {•},
OPTaddress = {•},
OPTedition = {•},
OPTmonth = {•},
OPTnote = {•},
OPTannote = {•}
}

@InBook{pdfIsoSera,
ALTauthor = {•},
ALTeditor = {•},
title = {\url{http://personales.unican.es/carballor/1112/Capitulo9_con_indice.pdf}},
OPTchapter = {•},
OPTpublisher = {•},
OPTyear = {•},
OPTkey = {•},
OPTvolume = {•},
OPTnumber = {•},
OPTseries = {•},
OPTtype = {•},
OPTaddress = {•},
OPTedition = {•},
OPTmonth = {•},
OPTpages = {•},
OPTnote = {•},
OPTannote = {•}
}
